@ARTICLE{olga_biases,
	author = {{Zhao}, Dora and {Wang}, Angelina and {Russakovsky}, Olga},
	title = "{Understanding and Evaluating Racial Biases in Image Captioning}",
	journal = {arXiv e-prints},
	keywords = {Computer Science - Computer Vision and Pattern Recognition},
	year = 2021,
	month = jun,
	eid = {arXiv:2106.08503},
	pages = {arXiv:2106.08503},
	archivePrefix = {arXiv},
	eprint = {2106.08503},
	primaryClass = {cs.CV},
	adsurl = {https://ui.adsabs.harvard.edu/abs/2021arXiv210608503Z},
	adsnote = {Provided by the SAO/NASA Astrophysics Data System}
}
