@ARTICLE{olga_biases,
	author        = {{Zhao}, Dora and {Wang}, Angelina and {Russakovsky}, Olga},
	title         = "{Understanding and Evaluating Racial Biases in Image Captioning}",
	journal       = {arXiv e-prints},
	keywords      = {Computer Science - Computer Vision and Pattern Recognition},
	year          = 2021,
	month         = jun,
	eid           = {arXiv:2106.08503},
	pages         = {arXiv:2106.08503},
	archivePrefix = {arXiv},
	eprint        = {2106.08503},
	primaryClass  = {cs.CV},
	adsurl        = {https://ui.adsabs.harvard.edu/abs/2021arXiv210608503Z},
	adsnote       = {Provided by the SAO/NASA Astrophysics Data System}
}

@article{video_prediction_survey,
	title     = {A Review on Deep Learning Techniques for Video Prediction},
	author    = {{Oprea}, Sergiu and {Martinez-Gonzalez}, Pablo and {Garcia-Garcia},
			  Alberto and {Castro-Vargas}, John Alejandro and {Orts-Escolano}, Sergio
			  and {Garcia-Rodriguez}, Jose and {Argyros}, Antonis},
	ISSN      = {1939-3539},
	url       = {http://dx.doi.org/10.1109/TPAMI.2020.3045007},
	DOI       = {10.1109/tpami.2020.3045007},
	journal   = {IEEE Transactions on Pattern Analysis and Machine Intelligence},
	publisher = {Institute of Electrical and Electronics Engineers (IEEE)},
	year      = {2020},
	pages     = {1–1}
}

@inproceedings{robot_control_rnn,
	author = {Patel, Raj and Zeinali, Meysar and Passi, Kalpdrum},
	year   = {2021},
	month  = {05},
	pages  = {},
	title  = {Deep Learning-based Robot Control using Recurrent Neural Networks
		   (LSTM; GRU) and Adaptive Sliding Mode Control},
	doi    = {10.11159/cdsr21.113}
}

@article{savp,
	author     = {Alex X. Lee and
			   Richard Zhang and
			   Frederik Ebert and
			   Pieter Abbeel and
			   Chelsea Finn and
			   Sergey Levine},
	title      = {Stochastic Adversarial Video Prediction},
	journal    = {CoRR},
	volume     = {abs/1804.01523},
	year       = {2018},
	url        = {http://arxiv.org/abs/1804.01523},
	eprinttype = {arXiv},
	eprint     = {1804.01523},
	timestamp  = {Mon, 13 Aug 2018 16:46:53 +0200},
	biburl     = {https://dblp.org/rec/journals/corr/abs-1804-01523.bib},
	bibsource  = {dblp computer science bibliography, https://dblp.org}
}

@misc{futuregan,
  doi       = {10.48550/ARXIV.1810.01325},
  url       = {https://arxiv.org/abs/1810.01325},
  author    = {Aigner, Sandra and Körner, Marco},
  keywords  = {Computer Vision and Pattern Recognition (cs.CV), FOS: Computer
			   and information sciences, FOS: Computer and information
			   sciences},
  title     = {FutureGAN: Anticipating the Future Frames of Video Sequences
			   using Spatio-Temporal 3d Convolutions in Progressively Growing
			   GANs},
  publisher = {arXiv},
  year      = {2018},
  copyright = {arXiv.org perpetual, non-exclusive license}
}

@INPROCEEDINGS{kth,
	author    = {Schuldt, C. and Laptev, I. and Caputo, B.},
	booktitle = {Proceedings of the 17th International Conference on Pattern Recognition,
			  2004. ICPR 2004.},
	title     = {Recognizing human actions: a local SVM approach},
	year      = {2004},
	volume    = {3},
	number    = {},
	pages     = {32-36 Vol.3},
	doi       = {10.1109/ICPR.2004.1334462}
}

@inproceedings{humans3_6,
	author    = {Catalin Ionescu, Fuxin Li, Cristian Sminchisescu},
	title     = {Latent Structured Models for Human Pose Estimation},
	booktitle = {International Conference on Computer Vision},
	year      = {2011}
}

@article{imagenet,
	Author  = {Olga Russakovsky and Jia Deng and Hao Su and Jonathan Krause and
			Sanjeev Satheesh and Sean Ma and Zhiheng Huang and Andrej Karpathy and
			Aditya Khosla and Michael Bernstein and Alexander C. Berg and Li Fei-Fei},
	Title   = {{ImageNet Large Scale Visual Recognition Challenge}},
	Year    = {2015},
	journal = {International Journal of Computer Vision (IJCV)},
	doi     = {10.1007/s11263-015-0816-y},
	volume  = {115},
	number  = {3},
	pages   = {211-252}
}

@INPROCEEDINGS{labeling_disagreement,
	author    = {Ji, Wei and Yu, Shuang and Wu, Junde and Ma,
			  Kai and Bian, Cheng and Bi, Qi and Li, Jingjing and Liu, Hanruo and Cheng,
			  Li and Zheng, Yefeng},
	booktitle = {2021 IEEE/CVF Conference on Computer
			  Vision and Pattern Recognition (CVPR)},
	title     = {Learning Calibrated
			  Medical Image Segmentation via Multi-rater Agreement Modeling},
	year      = {2021},
	volume    = {},
	number    = {},
	pages     = {12336-12346},
	doi       = {10.1109/CVPR46437.2021.01216}
}

@article{prototypical,
	author    = {Jake Snell and Kevin Swersky and Richard S. Zemel},
	title     = {Prototypical Networks for Few-shot Learning},
	journal   = {CoRR},
	volume    = {abs/1703.05175},
	year      = {2017},
	url       = {http://arxiv.org/abs/1703.05175},
	eprinttype = {arXiv},
	eprint    = {1703.05175},
	timestamp = {Mon, 13 Aug 2018 16:46:05 +0200},
	biburl    = {https://dblp.org/rec/journals/corr/SnellSZ17.bib},
	bibsource = {dblp computer science bibliography, https://dblp.org}
}

@article{lstm,
	author    = {Ralf C. Staudemeyer and
			  Eric Rothstein Morris},
	title     = {Understanding {LSTM} - a tutorial into Long Short-Term Memory Recurrent
			  Neural Networks},
	journal   = {CoRR},
	volume    = {abs/1909.09586},
	year      = {2019},
	url       = {http://arxiv.org/abs/1909.09586},
	eprinttype = {arXiv},
	eprint    = {1909.09586},
	timestamp = {Tue, 24 Sep 2019 11:33:51 +0200},
	biburl    = {https://dblp.org/rec/journals/corr/abs-1909-09586.bib},
	bibsource = {dblp computer science bibliography, https://dblp.org}
}

@misc{eg_self_driving,
  doi       = {10.48550/ARXIV.2003.06409},
  url       = {https://arxiv.org/abs/2003.06409},
  author    = {Hu, Anthony and Cotter, Fergal and Mohan, Nikhil and Gurau, Corina and Kendall, Alex},
  keywords  = {Computer Vision and Pattern Recognition (cs.CV), Machine Learning
			  (cs.LG), Robotics (cs.RO), FOS: Computer and information
			  sciences, FOS: Computer and information sciences},
  title     = {Probabilistic Future Prediction for Video Scene Understanding},
  publisher = {arXiv},
  year      = {2020},
  copyright = {arXiv.org perpetual, non-exclusive license}
}

@misc{eg_video_interp,
  doi       = {10.48550/ARXIV.1702.02463},
  url       = {https://arxiv.org/abs/1702.02463},
  author    = {Liu, Ziwei and Yeh, Raymond A. and Tang, Xiaoou and Liu, Yiming and Agarwala, Aseem},
  keywords  = {Computer Vision and Pattern Recognition (cs.CV), Graphics
			   (cs.GR), Machine Learning (cs.LG), FOS: Computer and information
			   sciences, FOS: Computer and information sciences},
  title     = {Video Frame Synthesis using Deep Voxel Flow},
  publisher = {arXiv},
  year      = {2017},
  copyright = {arXiv.org perpetual, non-exclusive license}
}

@misc{eg_robot_control,
  doi       = {10.48550/ARXIV.1610.00696},
  url       = {https://arxiv.org/abs/1610.00696},
  author    = {Finn, Chelsea and Levine, Sergey},
  keywords  = {Machine Learning (cs.LG), Artificial Intelligence (cs.AI),
			  Computer Vision and Pattern Recognition (cs.CV), Robotics
			  (cs.RO), FOS: Computer and information sciences, FOS: Computer
			  and information sciences},
  title     = {Deep Visual Foresight for Planning Robot Motion},
  publisher = {arXiv},
  year      = {2016},
  copyright = {arXiv.org perpetual, non-exclusive license}
}

@article{human_learning_sequences,
	author = {Cleeremans, Axel and Mcclelland, James},
	year = {1991},
	month = {10},
	pages = {235-53},
	title = {Learning the Structure of Event Sequences},
	volume = {120},
	journal = {Journal of experimental psychology. General},
	doi = {10.1037//0096-3445.120.3.235}
}
